<?xml version="1.0" encoding="UTF-8"?><record xmlns="http://www.loc.gov/MARC21/slim" xmlns:cinclude="http://apache.org/cocoon/include/1.0" xmlns:zs="http://www.loc.gov/zing/srw/">
  <leader>00373nz  a2200121n  4500</leader>
  <controlfield tag="001">n  93805081 </controlfield>
  <controlfield tag="003">DLC</controlfield>
  <controlfield tag="005">19940119144959.7</controlfield>
  <controlfield tag="008">940119n| acannaab|          |n aaa ||| b</controlfield>
  <datafield tag="010" ind1=" " ind2=" ">
    <subfield code="a">n  93805081 </subfield>
  </datafield>
  <datafield tag="040" ind1=" " ind2=" ">
    <subfield code="a">DNLM</subfield>
    <subfield code="c">DLC</subfield>
  </datafield>
  <datafield tag="100" ind1="1" ind2="0">
    <subfield code="a">Stevens, Patrick J.</subfield>
  </datafield>
  <datafield tag="670" ind1=" " ind2=" ">
    <subfield code="a">Implant prosthodontics, c1994:</subfield>
    <subfield code="b">CIP t.p. (Patrick J. Stevens, DDS; private practice, prosthodontics, Spokane, Wash.)</subfield>
  </datafield>
</record>